<?xml version="1.0" encoding="UTF-8"?><collection xmlns="http://www.loc.gov/MARC21/slim"><record><leader>00467nam--2200169-i-4500</leader><controlfield tag="001">000029775</controlfield><controlfield tag="002">20161230</controlfield><controlfield tag="005">20161230201037</controlfield><controlfield tag="008">060222s1000------------r-----000-0-eng-d</controlfield><datafield ind1=" " ind2=" " tag="040"><subfield code="a">IFIN-HH</subfield></datafield><datafield ind1=" " ind2=" " tag="080"><subfield code="a">53:92</subfield></datafield><datafield ind1="1" ind2=" " tag="100"><subfield code="a">Haas-lorentz, G.L. De</subfield></datafield><datafield ind1="1" ind2="0" tag="245"><subfield code="a">Impressions of his life and work</subfield><subfield code="c">G.l. de haas-lorentz</subfield></datafield><datafield ind1=" " ind2=" " tag="260"><subfield code="a">Amsterdam</subfield><subfield code="b">North-holland Publishing Compoany</subfield><subfield code="c">1957</subfield></datafield><datafield ind1=" " ind2=" " tag="300"><subfield code="a">/III/ + 172P</subfield></datafield><datafield ind1=" " ind2=" " tag="852"><subfield code="a">12735</subfield><subfield code="c">53.01</subfield></datafield><datafield ind1=" " ind2=" " tag="CAT"><subfield code="a">Sys</subfield><subfield code="c">20151012</subfield><subfield code="h">143035</subfield></datafield></record></collection>